@article{ling2008hybrid,
  title={Hybrid particle swarm optimization with wavelet mutation and its industrial applications},
  author={Ling, Sai-Ho and Iu, Herbert HC and Chan, Kit Yan and Lam, Hak-Keung and Yeung, Benny CW and Leung, Frank H},
  journal={Systems, Man, and Cybernetics, Part B: Cybernetics, IEEE Transactions on},
  volume={38},
  number={3},
  pages={743--763},
  year={2008},
  publisher={IEEE}
}

@book{michalewicz1996genetic,
  title={Genetic algorithms+ data structures= evolution programs},
  author={Michalewicz, Zbigniew},
  year={1996},
  publisher={springer}
}

@article{yao1999evolutionary,
  title={Evolutionary programming made faster},
  author={Yao, Xin and Liu, Yong and Lin, Guangming},
  journal={Evolutionary Computation, IEEE Transactions on},
  volume={3},
  number={2},
  pages={82--102},
  year={1999},
  publisher={IEEE}
}

@article{holland1992genetic,
  title={Genetic algorithms},
  author={Holland, John H},
  journal={Scientific american},
  volume={267},
  number={1},
  pages={66--72},
  year={1992}
}

@article{ross1994applications,
  title={Applications of genetic algorithms},
  author={Ross, Peter and Corne, Dave},
  journal={AISB Quaterly on Evolutionary Computation},
  volume={89},
  pages={23--30},
  year={1994}
}

@incollection{kennedy2010particle,
  title={Particle swarm optimization},
  author={Kennedy, James},
  booktitle={Encyclopedia of Machine Learning},
  pages={760--766},
  year={2010},
  publisher={Springer}
}

@inproceedings{kennedy1997discrete,
  title={A discrete binary version of the particle swarm algorithm},
  author={Kennedy, James and Eberhart, Russell C},
  booktitle={Systems, Man, and Cybernetics, 1997. Computational Cybernetics and Simulation., 1997 IEEE International Conference on},
  volume={5},
  pages={4104--4108},
  year={1997},
  organization={IEEE}
}

@article{clerc2002particle,
  title={The particle swarm-explosion, stability, and convergence in a multidimensional complex space},
  author={Clerc, Maurice and Kennedy, James},
  journal={Evolutionary Computation, IEEE Transactions on},
  volume={6},
  number={1},
  pages={58--73},
  year={2002},
  publisher={IEEE}
}

@inproceedings{shi1998modified,
  title={A modified particle swarm optimizer},
  author={Shi, Yuhui and Eberhart, Russell},
  booktitle={Evolutionary Computation Proceedings, 1998. IEEE World Congress on Computational Intelligence., The 1998 IEEE International Conference on},
  pages={69--73},
  year={1998},
  organization={IEEE}
}

@article{de1975analysis,
  title={Analysis of the behavior of a class of genetic adaptive systems},
  author={De Jong, Kenneth Alan},
  year={1975}
}

@article{esmin2005hybrid,
  title={A hybrid particle swarm optimization applied to loss power minimization},
  author={Esmin, Ahmed AA and Lambert-Torres, Germano and de Souza, AC Zambroni},
  journal={Power Systems, IEEE Transactions on},
  volume={20},
  number={2},
  pages={859--866},
  year={2005},
  publisher={IEEE}
}

@article{juang2004hybrid,
  title={A hybrid of genetic algorithm and particle swarm optimization for recurrent network design},
  author={Juang, Chia-Feng},
  journal={Systems, Man, and Cybernetics, Part B: Cybernetics, IEEE Transactions on},
  volume={34},
  number={2},
  pages={997--1006},
  year={2004},
  publisher={IEEE}
}

@inproceedings{noel2004simulation,
  title={Simulation of a new hybrid particle swarm optimization algorithm},
  author={Noel, Mathew Mithra and Jannett, Thomas C},
  booktitle={System Theory, 2004. Proceedings of the Thirty-Sixth Southeastern Symposium on},
  pages={150--153},
  year={2004},
  organization={IEEE}
}

@inproceedings{eberhart2000comparing,
  title={Comparing inertia weights and constriction factors in particle swarm optimization},
  author={Eberhart, Russ C and Shi, Yuhui},
  booktitle={Evolutionary Computation, 2000. Proceedings of the 2000 Congress on},
  volume={1},
  pages={84--88},
  year={2000},
  organization={IEEE}
}

@inproceedings{eberhart1998comparison,
  title={Comparison between genetic algorithms and particle swarm optimization},
  author={Eberhart, Russell C and Shi, Yuhui},
  booktitle={Evolutionary Programming VII},
  pages={611--616},
  year={1998},
  organization={Springer}
}